@article{ndn-techreport,
  title={Named data networking (ndn) project},
  author={Zhang, Lixia and Estrin, Deborah and Burke, Jeffrey and Jacobson, Van and Thornton, James D and Smetters, Diana K and Zhang, Beichuan and Tsudik, Gene and Massey, Dan and Papadopoulos, Christos and others},
  journal={Relat{\'o}rio T{\'e}cnico NDN-0001, Xerox Palo Alto Research Center-PARC},
  year={2010}
}

@inproceedings{first,
 author = {Jacobson, Van and Smetters, Diana K. and Thornton, James D. and Plass, Michael F. and Briggs, Nicholas H. and Braynard, Rebecca L.},
 title = {Networking Named Content},
 booktitle = {Proceedings of the 5th International Conference on Emerging Networking Experiments and Technologies},
 series = {CoNEXT '09},
 year = {2009},
 isbn = {978-1-60558-636-6},
 location = {Rome, Italy},
 pages = {1--12},
 numpages = {12},
 url = {http://doi.acm.org/10.1145/1658939.1658941},
 doi = {10.1145/1658939.1658941},
 acmid = {1658941},
 publisher = {ACM},
 address = {New York, NY, USA},
 keywords = {content routing, content-based security, content-centric networking},
} 

@article{pyccn,
author={Burke, Jeff and Kulinski, Derek},
title={{PyCCN - Python CCNx Bindings}},
journal={{University of California, Los Angeles}},
year={https://github.com/named-data/PyCCN}
}

@article{ghali2014elements,
  title={Elements of Trust in Named-Data Networking},
  author={Ghali, Cesar and Tsudik, Gene and Uzun, Ersin},
  journal={arXiv preprint arXiv:1402.3332},
  year={2014}
}

@unpublished{ccnx,
  author = "PARC",
  title  = "{CCNx}",
  month  = "May",
  year   = "2014",
  url    = "https://github.com/ProjectCCNx/ccnx",
  note   = "Available online at: \url{https://github.com/ProjectCCNx/ccnx}"
}

@article{kim2004tree,
  title={Tree-based group key agreement},
  author={Kim, Yongdae and Perrig, Adrian and Tsudik, Gene},
  journal={ACM Transactions on Information and System Security (TISSEC)},
  volume={7},
  number={1},
  pages={60--96},
  year={2004},
  publisher={ACM}
}

@inproceedings{wang2010implementing,
  title={Implementing instant messaging using named data},
  author={Wang, Jiangzhe and Peng, Chunyi and Li, Chiyu and Osterweil, Eric and Wakikawa, Ryuji and Cheng, Pei-chun and Zhang, Lixia},
  booktitle={Proceedings of the Sixth Asian Internet Engineering Conference},
  pages={40--47},
  year={2010},
  organization={ACM}
}

@article{eugster2003many,
  title={The many faces of publish/subscribe},
  author={Eugster, Patrick Th and Felber, Pascal A and Guerraoui, Rachid and Kermarrec, Anne-Marie},
  journal={ACM Computing Surveys (CSUR)},
  volume={35},
  number={2},
  pages={114--131},
  year={2003},
  publisher={ACM}
}

@inproceedings{INS,
 author = {Adjie-Winoto, William and Schwartz, Elliot and Balakrishnan, Hari and Lilley, Jeremy},
 title = {The Design and Implementation of an Intentional Naming System},
 booktitle = {Proceedings of the Seventeenth ACM Symposium on Operating Systems Principles},
 series = {SOSP '99},
 year = {1999},
 isbn = {1-58113-140-2},
 location = {Charleston, South Carolina, USA},
 pages = {186--201},
 numpages = {16},
 url = {http://doi.acm.org/10.1145/319151.319164},
 doi = {10.1145/319151.319164},
 acmid = {319164},
 publisher = {ACM},
 address = {New York, NY, USA},
} 